@article{Biersack:2007:SP:1243401.1243407,
 author = {Biersack, Ernst W. and Schroeder, Bianca and Urvoy-Keller, Guillaume},
 title = {Scheduling in Practice},
 journal = {SIGMETRICS Perform. Eval. Rev.},
 issue_date = {March 2007},
 volume = {34},
 number = {4},
 month = mar,
 year = {2007},
 issn = {0163-5999},
 pages = {21--28},
 numpages = {8},
 url = {http://doi.acm.org/10.1145/1243401.1243407},
 doi = {10.1145/1243401.1243407},
 acmid = {1243407},
 publisher = {ACM},
 address = {New York, NY, USA},
}