@article{Harchol-Balter:2003:SSI:762483.762486,
 author = {Harchol-Balter, Mor and Schroeder, Bianca and Bansal, Nikhil and Agrawal, Mukesh},
 title = {Size-based Scheduling to Improve Web Performance},
 journal = {ACM Trans. Comput. Syst.},
 issue_date = {May 2003},
 volume = {21},
 number = {2},
 month = may,
 year = {2003},
 issn = {0734-2071},
 pages = {207--233},
 numpages = {27},
 url = {http://doi.acm.org/10.1145/762483.762486},
 doi = {10.1145/762483.762486},
 acmid = {762486},
 publisher = {ACM},
 address = {New York, NY, USA},
 keywords = {Conservation law, SJF, SRPT, networking, scheduling, system performance and design, web servers},
}