@inproceedings{Richardson2010,
  author = {Richardson, Ita and Delaney, Yvonne},
  title = {Software Quality: From Theory to Practice},
  booktitle = {Proceedings of the 2010 Seventh International Conference on the Quality of Information and Communications Technology},
  series = {QUATIC '10},
  year = {2010},
  isbn = {978-0-7695-4241-6},
  pages = {150--155},
  numpages = {6},
  url = {http://dx.doi.org/10.1109/QUATIC.2010.27},
  doi = {10.1109/QUATIC.2010.27},
  acmid = {1919960},
  publisher = {IEEE Computer Society},
  address = {Washington, DC, USA},
  keywords = {problem-based learning, PBL, software quality, competencies, software quality plan},
}
