@book{kurose,
  title={Computer Networking: A Top-Down Approach},
  author={Kurose, J.F. and Ross, K.W.},
  isbn={9780132856201},
  lccn={2011048215},
  series={Always learning},
  url={http://books.google.de/books?id=fWg5pwAACAAJ},
  year={2012},
  publisher={Pearson Education, Limited}
}

@book{chevance,
  title={Server Architectures: Multiprocessors, Clusters, Parallel Systems, Web Servers, Storage Solutions},
  author={Chevance, R.J.},
  isbn={9780080492292},
  url={http://books.google.de/books?id=P28xT7QHZ2AC},
  year={2004},
  publisher={Elsevier Science}
}

@article{schroederSize,
 author = {Harchol-Balter, Mor and Schroeder, Bianca and Bansal, Nikhil and Agrawal, Mukesh},
 title = {Size-based Scheduling to Improve Web Performance},
 journal = {ACM Trans. Comput. Syst.},
 issue_date = {May 2003},
 volume = {21},
 number = {2},
 month = may,
 year = {2003},
 issn = {0734-2071},
 pages = {207--233},
 numpages = {27},
 url = {http://doi.acm.org/10.1145/762483.762486},
 doi = {10.1145/762483.762486},
 acmid = {762486},
 publisher = {ACM},
 address = {New York, NY, USA},
 keywords = {Conservation law, SJF, SRPT, networking, scheduling, system performance and design, web servers},
}

@article{schorederSchedule,
 author = {Biersack, Ernst W. and Schroeder, Bianca and Urvoy-Keller, Guillaume},
 title = {Scheduling in Practice},
 journal = {SIGMETRICS Perform. Eval. Rev.},
 issue_date = {March 2007},
 volume = {34},
 number = {4},
 month = mar,
 year = {2007},
 issn = {0163-5999},
 pages = {21--28},
 numpages = {8},
 url = {http://doi.acm.org/10.1145/1243401.1243407},
 doi = {10.1145/1243401.1243407},
 acmid = {1243407},
 publisher = {ACM},
 address = {New York, NY, USA},
}

@misc{rfc1945,
  author="T. Berners-Lee and R. Fielding and H. Frystyk",
  title="{Hypertext Transfer Protocol -- HTTP/1.0}",
  series="Request for Comments",
  number="1945",
  howpublished="RFC 1945 (Informational)",
  publisher="IETF",
  organization="Internet Engineering Task Force",
  year=1996,
  month=may,
    url="http://www.ietf.org/rfc/rfc1945.txt",
}

@misc{rfc2616,
  author="R. Fielding and J. Gettys and J. Mogul and H. Frystyk and L. Masinter and P. Leach and T. Berners-Lee",
  title="{Hypertext Transfer Protocol -- HTTP/1.1}",
  series="Request for Comments",
  number="2616",
  howpublished="RFC 2616 (Draft Standard)",
  publisher="IETF",
  organization="Internet Engineering Task Force",
  year=1999,
  month=jun,
    note="Updated by RFCs 2817, 5785, 6266, 6585",
  url="http://www.ietf.org/rfc/rfc2616.txt",
}

@misc{webhistory,
author="Gregory Gromov",
title="{Roads and Crossroads of the Internet History}",
year=1995,
howpublished="\url{http://history-of-internet.com}",
note = "[Online; Date of last access: 21.11.2013]"

}

@misc{webhistoryCern,
author="Gregory Gromov",
title="{Roads and Crossroads of the Internet History}",
year=1995,
howpublished="\url{http://history-of-internet.com}",
note = "[Online; Date of last access: 21.11.2013]"
}

@misc{cernHttpd,
author="Dan Connolly",
title="{CERN httpd}",
year=1995,
howpublished="\url{http://www.w3.org/Daemon}",
note = "[Online; Date of last access: 21.11.2013]"
}

@misc{cgiSpecs,
author="Ken A L Coar",
title="{The WWW Common Gateway Interface
Version 1.2}",
year=1998,
howpublished="\url{http://ken.coar.org/cgi/cgi-120-00a.html}",
note = "[Online; Date of last access: 21.11.2013]"
}

@book{gundavaram1996cgi,
  title={CGI Programming on the World Wide Web},
  author={Gundavaram, S.},
  isbn={9781565921689},
  lccn={96147991},
  series={Nutshell Handbook},
  url={http://books.google.de/books?id=W14sAAAAYAAJ},
  year={1996},
  publisher={O'Reilly Vlg. GmbH \& Company}
}

@misc{w3TechsStats,
author="W3Techs",
title="{W3Techs - World Wide Web Technology Surveys}",
year=2013,
howpublished="\url{http://w3techs.com}",
note = "[Online; Date of last access: 21.11.2013]"
}

@misc{PHPPreface,
author="PHP.net",
year=2013,
howpublished="\url{http://www.php.net/manual/en/preface.php}",
note = "[Online; Date of last access: 21.11.2013]"
}

@book{welling2008php,
  title={PHP and MySQL Web Development},
  author={Welling, L. and Thomson, L.},
  isbn={9780768686432},
  series={Developer's Library},
  url={http://books.google.de/books?id=WkqmA1wiqCwC},
  year={2008},
  publisher={Pearson Education}
}

@book{bowen2002apache,
  title={Apache Administrator's Handbook},
  author={Bowen, R. and Ridruejo, D.L. and Liska, A.},
  isbn={9780672322747},
  lccn={2001092348},
  series={Developer's Library},
  url={http://books.google.de/books?id=gSd0UQ8bAWgC},
  year={2002},
  publisher={Sams}
}

@book{brittain2007tomcat,
  title={Tomcat: The Definitive Guide},
  author={Brittain, J. and Darwin, I.F.},
  isbn={9780596554941},
  url={http://books.google.de/books?id=vJttHyVF0SUC},
  year={2007},
  publisher={O'Reilly Media}
}

@book{downey2008web,
  title={Web Development with Java: Using Hibernate, JSPs and Servlets},
  author={Downey, T.},
  isbn={9781846288630},
  lccn={2007925710},
  url={http://books.google.de/books?id=Lq1BKNCW9-wC},
  year={2008},
  publisher={Springer}
}

@inproceedings{McWherter,
 author = {McWherter, David T. and Schroeder, Bianca and Ailamaki, Anastassia and Harchol-Balter, Mor},
 title = {Priority Mechanisms for OLTP and Transactional Web Applications},
 booktitle = {Proceedings of the 20th International Conference on Data Engineering},
 series = {ICDE '04},
 year = {2004},
 isbn = {0-7695-2065-0},
 pages = {535--},
 url = {http://dl.acm.org/citation.cfm?id=977401.978097},
 acmid = {978097},
 publisher = {IEEE Computer Society},
 address = {Washington, DC, USA},
} 

@inproceedings{McWherterSAH05,
  author = {McWherter, David T. and Schroeder, Bianca and Ailamaki, Anastassia and Harchol-Balter, Mor},
  booktitle = {ICDE},
  isbn = {0-7695-2285-8},
  keywords = {dblp},
  pages = {446-457},
  publisher = {IEEE Computer Society},
  timestamp = {2011-10-26T00:00:00.000+0200},
  title = {Improving Preemptive Prioritization via Statistical Characterization of OLTP Locking.},
  url = {http://dblp.uni-trier.de/db/conf/icde/icde2005.html#McWherterSAH05},
  year = {2005},
}

 @article{Callison09,
    author  = {Justin Callison},
    title   = {Database Locking: What it is, Why it Matters and What to do about it},
    journal = {Methods \& Tools},
    volume  = {Spring 2009},
    year    = {2009},
    pages   = {49--64}
 }




